@INPROCEEDINGS{skalka-smith-aplas04,
  AUTHOR = {Christian Skalka and Scott Smith},
  TITLE = {History Effects and Verification},
  BOOKTITLE = {Asian Programming Languages Symposium},
  MONTH = {November},
  YEAR = 2004
}

@INPROCEEDINGS{Bongard2000,
    author = {Josh C. Bongard and Chandana Paul},
    title = {Investigating Morphological Symmetry and Locomotive Efficiency using Virtual Embodied Evolution},
    booktitle = {From Animals to Animats: The Sixth International Conference on the Simulation of Adaptive Behaviour},
    year = {2000},
    pages = {420--429},
    publisher = {MIT Press}
}

@article{Bongard2009,
  title={Accelerating Self-Modeling in Cooperative Robot Teams},
  author={Bongard, J.C.},
  journal={IEEE Transactions on Evolutionary Computation},
  volume={13},
  number={2},
  pages={321-332},
  year={2009}
}

@InProceedings{AuerbachBongard2010,
  Author    = {Auerbach, Joshua E. and Bongard, Josh C. },
  Title     = {Evolving {CPPNs} to Grow Three-Dimensional Physical Structures},
  BookTitle = {Proceedings of the Genetic and Evolutionary Computation Conference (GECCO-2010)},
  year = {2010},
  publisher = {ACM},
  address = {New York, NY},
  pages = {627--634},
}
